@Article{Zhang2025,
  author        = "Jie Zhang and Haoyu Bu and Hui Wen and Yongji Liu and Haiqiang Fei and Rongrong Xi and Lun Li and Yun Yang and Hongsong Zhu and Dan Meng",
  title         = "When LLMs Meet Cybersecurity: A Systematic Literature Review",
  journal       = "Cybersecurity",
  volume        = "8",
  number        = "1",
  year          = "2025",
  articleNumber = "55",
  doi           = "10.1186/s42400-025-00361-w",
  url           = "https://cybersecurity.springeropen.com/articles/10.1186/s42400-025-00361-w",
} % :contentReference[oaicite:0]{index=0}

@Article{Yao23,
  author        = "Yifan Yao and Jinhao Duan and Kaidi Xu and Yuanfang Cai and Zhibo Sun and Yue Zhang",
  title         = "A Survey on Large Language Model (LLM) Security and Privacy: The Good, the Bad, and the Ugly",
  journal       = "High-Confidence Computing",
  year          = "2024",
  articleNumber = "100211",
  url           = "https://www.sciencedirect.com/science/article/pii/S266729522400014X",
} % :contentReference[oaicite:1]{index=1}

@Article{Nourmohammadzadeh24,
  author        = "Farzad Nourmohammadzadeh Motlagh and Mehrdad Hajizadeh and Mehryar Majd and Pejman Najafi and Feng Cheng and Christoph Meinel",
  title         = "Large Language Models in Cybersecurity: State-of-the-Art",
  journal       = "arXiv preprint",
  year          = "2024",
  volume        = "",
  number        = "",
  note          = "arXiv:2402.00891",
  url           = "https://arxiv.org/pdf/2402.00891",
} % :contentReference[oaicite:2]{index=2}

@Misc{OSF24,
  author        = "OSF Preprints",
  title         = "Bias and Misinformation in LLM Outputs",
  year          = "2024",
  howpublished  = "OSF Preprint",
  url           = "https://osf.io/preprints/osf/9xkbu",
}

@Article{Tancredi24,
  author        = "Lucy Tancredi",
  title         = "AI Strategies Series: Inconsistent and Outdated Responses",
  journal       = "FactSet Insight",
  month         = feb,
  year          = "2024",
  url           = "https://insight.factset.com/ai-strategies-series-inconsistent-and-outdated-responses",
} % :contentReference[oaicite:3]{index=3}

@Article{Guo24,
  author        = "Yufei Guo and Muzhe Guo and Juntao Su and Zhou Yang and Mengqiu Zhu and Hongfei Li and Mengyang Qiu and Shuo Shuo Liu",
  title         = "Bias in Large Language Models: Origin, Evaluation, and Mitigation",
  journal       = "arXiv preprint",
  year          = "2024",
  note          = "arXiv:2411.10915v1",
  url           = "https://arxiv.org/html/2411.10915v1",
} % :contentReference[oaicite:4]{index=4}


@Misc{FactSet2023,
  author        = "{FactSet}",
  title         = "{AI Strategies Series: Inconsistent and Outdated Responses}",
  howpublished  = "FactSet Insight",
  year          = "2023",
  note          = "Retrieved from https://insight.factset.com/ai-strategies-series-inconsistent-and-outdated-responses",
  url           = "https://insight.factset.com/ai-strategies-series-inconsistent-and-outdated-responses"
}

@Article{Luccioni2023,
  author        = "Luccioni, Alice and(er al.)",
  title         = "{Intrinsic and Extrinsic Bias in Large Language Models}",
  journal       = "arXiv preprint arXiv:2411.10915",
  year          = "2023",
  note          = "Retrieved from https://arxiv.org/html/2411.10915v1",
  url           = "https://arxiv.org/html/2411.10915v1"
}
